@article{zhangkun1994,
  author     = {张昆 and 冯立群 and 余昌钰 and others},
  title      = {机器人柔性手腕的球面齿轮设计研究},
  journal    = {清华大学学报: 自然科学版},
  volume     = {34},
  number     = {2},
  pages      = {1--7},
  year       = {1994},
  key        = {zhang1 kun1},
}

@book{zhukezhen1973,
  author     = {竺可桢},
  title      = {物理学论},
  address    = {北京},
  publisher  = {科学出版社},
  year       = {1973},
  pages      = {56--60},
  key        = {zhu2 ke3 zhen1},
}

@inproceedings{dupont1974bone,
  author     = {Dupont, B},
  title      = {Bone marrow transplantation in severe combined immunodeficiency with an unrelated MLC compatible donor},
  editor     = {White, H J and Smith, R},
  booktitle  = {Proceedings of the third annual meeting of the International Society for Experimental Hematology},
  address    = {Houston},
  publisher  = {International Society for Experimental Hematology},
  year       = {1974},
  pages      = {44--46},
}

@mastersthesis{zhengkaiqing1987,
  author     = {郑开青},
  title      = {通讯系统模拟及软件},
  address    = {北京},
  school     = {清华大学无线电系},
  year       = {1987},
  key        = {zheng4 kai1 qing1},
}

@patent{jiangxizhou1980,
  author     = {姜锡洲},
  title      = {一种温热外敷药制备方案},
  address    = {中国},
  number     = {88105607.3},
  year       = {1980},
  date       = {1980-07-26},
  key        = {jiang1 xi1 zhou1},
}

@standard{jianduju1994,
  author     = {中华人民共和国国家技术监督局},
  title      = {GB3100-3102. 中华人民共和国国家标准-量与单位},
  address    = {北京},
  publisher  = {中国标准出版社},
  year       = {1994},
  key        = {zhong1 hua2 ren2 min2 gong4 he2 guo2},
}

@article{merkt1995rotational,
  author     = {Merkt, Fr{\'e}d{\'e}ric and Mackenzie, S R and Softley, Timothy P},
  title      = {Rotational Autoionization Dynamics in High Rydberg States of Nitrogen},
  journal    = {J Chem Phys},
  year       = {1995},
  volume     = {103},
  pages      = {4509--4518},
}

@article{mellinger1996laser,
  author     = {Mellinger, A and Vidal, C R and Jungen, {Ch}},
  title      = {Laser reduced fluorescence study of the carbon monoxide nd triplet Rydberg series - Experimental results and multichannel quantum defect analysis},
  journal    = {J Chem Phys},
  year       = {1996},
  volume     = {104},
  pages      = {8913--8921},
}

@article{bixon1996dynamics,
  author     = {Bixon, M and Jortner, Joshua},
  title      = {The dynamics of predissociating high {Rydberg} states of {NO}},
  journal    = {J Chem Phys},
  year       = {1996},
  volume     = {105},
  pages      = {1363--1382},
}

@article{mahui1995,
  author     = {马辉 and 李俭 and 刘耀明 and others},
  title      = {利用 {REMPI} 方法测量 {BaF} 高里德堡系列光谱},
  journal    = {化学物理学报},
  year       = {1995},
  volume     = {8},
  pages      = {308--311},
  key        = {ma3 hui1},
}

@article{carlson1981two,
  author     = {Carlson, N W and Taylor, A J and Jones, K M and Schawlow, A L},
  title      = {Two-step polarization-labeling spectroscopy of excited states of {Na2}},
  journal    = {Phys Rev A},
  year       = {1981},
  volume     = {24},
  pages      = {822--834},
}

@article{taylor1983scanning,
  author     = {Taylor, A J and Jones, K M and Schawlow, A L},
  title      = {Scanning pulsed-polarization spectrometer applied to {Na2}},
  journal    = {J Opt Soc Am},
  year       = {1983},
  volume     = {73},
  pages      = {994--998},
}

@article{taylor1981study,
  author     = {Taylor, A J and Jones, K M and Schawlow, A L},
  title      = {A study of the excited {1$\Sigma$g+} states in {Na2}},
  journal    = {Opt Commun},
  year       = {1981},
  volume     = {39},
  pages      = {47--50},
}

@article{shimizu1983laser,
  author     = {Shimizu, Kazuko and Shimizu, Fujio},
  title      = {Laser induced fluorescence spectra of the a {3$\Pi$u--X 1$\Sigma$g+} band of {Na2} by molecular beam},
  journal    = {J Chem Phys},
  year       = {1983},
  volume     = {78},
  pages      = {1126--1131},
}

@article{atkinson1982experimental,
  author     = {Atkinson, J B and Becker, J and Demtr{\"o}der, W},
  title      = {Experimental observation of the a {3$\Pi$u} state of {Na2}},
  journal    = {Chem Phys Lett},
  year       = {1982},
  volume     = {87},
  pages      = {92--97},
}

@article{kusch1975perturbations,
  author     = {Kusch, P and Hessel, M M},
  title      = {Perturbations in the A {1$\Sigma$u+} state of {Na2}},
  journal    = {J Chem Phys},
  year       = {1975},
  volume     = {63},
  pages      = {4087--4088},
}

@book{guangxi1993,
  author     = {广西壮族自治区林业厅},
  title      = {广西自然保护区},
  address    = {北京},
  publisher  = {中国林业出版社},
  year       = {1993},
  key        = {guang3 xi1 zhuang4 zu2 zi4 zhi4 qu1},
}

@book{huosini1989guwu,
  author     = {霍斯尼},
  title      = {谷物科学与工艺学原理},
  translator = {李庆龙},
  edition    = {2},
  address    = {北京},
  publisher  = {中国食品出版社},
  year       = {1989},
  pages      = {15--20},
  key        = {huo4 si1 ni2},
}

@book{wangfuzhi1865songlun,
  author     = {王夫之},
  title      = {宋论},
  edition    = {刻本},
  address    = {金陵},
  publisher  = {曾氏},
  year       = {1865（清同治四年）},
  key        = {wang2 fu1 zhi1},
}

@book{zhaoyaodong1998xinshidai,
  author     = {赵耀东},
  title      = {新时代的工业工程师},
  address    = {台北},
  publisher  = {天下文化出版社},
  year       = {1998},
  urldate    = {1998-09-26},
  url        = {http://www.ie.nthu.edu.tw/info/ie.newie.htm},
  key        = {zhao4 yao4 dong1},
}

@standard{biaozhunhua2002tushu,
  author     = {全国信息与文献工作标准化技术委员会出版物格式分委员会},
  title      = {GB/T 12450-2001 图书书名页},
  address    = {北京},
  publisher  = {中国标准出版社},
  year       = {2002},
  pages      = {1},
  key        = {quan2 guo2 xin4 xi1},
}

@book{chubanzhuanye2004,
  author     = {全国出版专业职业资格考试办公室},
  title      = {全国出版专业职业资格考试辅导教材: 出版专业理论与实务•中级},
  edition    = {2014},
  address    = {上海},
  publisher  = {上海辞书出版社},
  year       = {2004},
  pages      = {299--307},
  key        = {quan2 guo2 chu1 ban3 ye4},
}

@techreport{who1970factors,
  author     = {{World Health Organization}},
  title      = {Factors Regulating the Immune Response: Report of {WHO Scientific Group}},
  address    = {Geneva},
  publisher  = {WHO},
  year       = {1970},
}

@book{peebles2001probability,
  author     = {Peebles, Jr, Peyton Z.},
  title      = {Probability, Random Variables, and Random Signal Principles},
  edition    = {4},
  address    = {New York},
  publisher  = {McGraw Hill},
  year       = {2001},
}

@incollection{baishunong1998zhiwu,
  author     = {白书农},
  title      = {植物开花研究},
  editor     = {李承森},
  booktitle  = {植物科学进展},
  address    = {北京},
  publisher  = {高等教育出版社},
  year       = {1998},
  pages      = {146--163},
  key        = {bai2 shu1 nong2},
}

@incollection{weinstein1974pathogenic,
  author     = {Weinstein, L and Swertz, M N},
  title      = {Pathogenic Properties of Invading Microorganism},
  editor     = {Sodeman, Jr, William A and Sodeman, William A},
  booktitle  = {Pathologic physiology: mechanisms of disease},
  address    = {Philadelphia},
  publisher  = {Saunders},
  year       = {1974},
  pages      = {745--772},
}

@inproceedings{hanjiren1985lun,
  author     = {韩吉人},
  title      = {论职工教育的特点},
  editor     = {中国职工教育研究会},
  booktitle  = {职工教育研究论文集},
  address    = {北京},
  publisher  = {人民教育出版社},
  year       = {1985},
  pages      = {90--99},
  key        = {han2 ji2 ren2},
}

@periodical{dizhi1936dizhi,
  author     = {中国地质学会},
  title      = {地质评论},
  year       = {1936},
  volume     = {1},
  number     = {1},
  address    = {北京},
  publisher  = {地质出版社},
  key        = {zhong1 guo2 di4 zhi3 xue2 hui4},
}

@periodical{tushuguan1957tushuguanxue,
  author     = {中国图书馆学会},
  title      = {图书馆学通讯},
  year       = {1957/1990},
  number     = {1--4},
  address    = {北京},
  publisher  = {北京图书馆},
  key        = {zhong1 guo2 tu2 shu1 guan3 xue2 hui4},
}

@periodical{aaas1883science,
  author     = {{American Association for the Advancement of Science}},
  title      = {Science},
  year       = {1883},
  volume     = {1},
  number     = {1},
  address    = {Washington, D.C.},
  publisher  = {American Association for the Advancement of Science},
}

@newspaper{fugang2000fengsha,
  author     = {傅刚 and 赵承 and 李佳路},
  title      = {大风沙过后的思考},
  journal    = {北京青年报},
  year       = {2000},
  date       = {2000-04-12},
  number     = {14},
  urldate    = {2002-03-06},
  url        = {http://www.bjyouth.com.cn/Bqb/20000412/B/4216%5ED0412B1401.htm},
  key        = {fu4 gang1},
}

@online{xiaoyu2001chubanye,
  author     = {萧钰},
  title      = {出版业信息化迈入快车道},
  year       = {2001},
  date       = {2001-12-19},
  urldate    = {2002-04-15},
  url        = {http://www.creader.com/news/20011219/200112190019.htm},
  key        = {xiao1 yu4},
}

@online{oclc2000about,
  author     = {{Online Computer Library Center, Inc}},
  title      = {About {OCLC}: History of Cooperation},
  year       = {2000},
  urldate    = {2000-01-08},
  url        = {http://www.oclc.org/about/cooperation.en.htm},
}

@software{scitor2000project,
  author     = {{Scitor Corporation}},
  title      = {Project scheduler},
  address    = {Sunnyvale, Calif.},
  publisher  = {Scitor Corporation},
  year       = {1983},
  medium     = {DK},
}

% References for autonomous driving scene reconstruction thesis
@article{chen2025snerf,
  author     = {Chen, Y. and Zhang, J. and Xie, Z. and Li, W. and Zhang, F. and Lu, J. and Zhang, L.},
  title      = {S-NeRF++: Autonomous Driving Simulation via Neural Reconstruction and Generation},
  journal    = {IEEE Transactions on Pattern Analysis and Machine Intelligence},
  year       = {2025}
}

@article{yan2024street,
  author     = {Yan, Y. and Xu, Z. and Lin, H. and Jin, H. and Guo, H. and Wang, Y. and Zhan, K. and Lang, X. and Bao, H. and Zhou, X.},
  title      = {Street-Gaussians for Modeling Dynamic Urban Scenes},
  journal    = {arXiv preprint arXiv:2401.01339},
  year       = {2024}
}

@inproceedings{lin2024drivinggaussian,
  author     = {Lin, X. and Wang, Y. and Wang, Y. and Wang, Z. and Zhang, C. and Bao, H.},
  title      = {DrivingGaussian: Composite Dynamic 3D Gaussian Splatting for Street View Synthesis},
  booktitle  = {Proceedings of the IEEE/CVF Conference on Computer Vision and Pattern Recognition (CVPR)},
  year       = {2024}
}

@inproceedings{tonderski2024neurad,
  author     = {Tønderski, K. and Caccia, M. and Garon, M. and Paquet, D. and Lavoie, A. and Josna, C. and Lacoste, A.},
  title      = {NeuRAD: Neural Rendering for Autonomous Driving},
  booktitle  = {Proceedings of the IEEE/CVF Conference on Computer Vision and Pattern Recognition (CVPR)},
  pages      = {14894--14904},
  year       = {2024}
}

@article{mildenhall2021nerf,
  author     = {Mildenhall, B. and Srinivasan, P. P. and Tancik, M. and Barron, J. T. and Ramamoorthi, R. and Ng, R.},
  title      = {NeRF: Representing Scenes as Neural Radiance Fields for View Synthesis},
  journal    = {Communications of the ACM},
  volume     = {65},
  number     = {1},
  pages      = {99--106},
  year       = {2022}
}

@article{kerbl2023gaussian,
  author     = {Kerbl, B. and Kopanas, G. and Martin-Brualla, R. and Drettakis, G.},
  title      = {3D Gaussian Splatting for Real-Time Radiance Field Rendering},
  journal    = {ACM Transactions on Graphics},
  volume     = {42},
  number     = {4},
  pages      = {Article 114},
  year       = {2023}
}

@inproceedings{sun2025splatflow,
  author     = {Sun, S. and Zhao, C. and Sun, Z. and Chen, Y. V. and Chen, M.},
  title      = {SplatFlow: Self-Supervised Dynamic Gaussian Splatting in Neural Motion Flow Field for Autonomous Driving},
  booktitle  = {Proceedings of the IEEE/CVF Conference on Computer Vision and Pattern Recognition (CVPR)},
  year       = {2025}
}

@article{chen2023pvg,
  author     = {Chen, Y. and Gu, C. and Jiang, J. and Zhu, X. and Zhang, L.},
  title      = {Periodic Vibration Gaussian: Dynamic Urban Scene Reconstruction and Real-time Rendering},
  journal    = {arXiv preprint arXiv:2311.18561},
  year       = {2023}
}

@inproceedings{ho2020denoising,
  author     = {Ho, J. and Jain, A. and Abbeel, P.},
  title      = {Denoising Diffusion Probabilistic Models},
  booktitle  = {Advances in Neural Information Processing Systems 33 (NeurIPS 2020)},
  pages      = {6840--6851},
  year       = {2020}
}

@inproceedings{rossle2024l3dg,
  author     = {Rössle, B. and Müller, N. and Porzi, L. and Rota Bulò, S. and Kontschieder, P. and Dai, A. and Nießner, M.},
  title      = {L3DG: Latent 3D Gaussian Diffusion},
  booktitle  = {SIGGRAPH Asia 2024 Conference Papers},
  year       = {2024}
}

@inproceedings{yan2025streetcrafter,
  author     = {Yan, Y. and Xu, Z. and Lin, H. and Jin, H. and Guo, H. and Wang, Y. and Zhan, K. and Lang, X. and Bao, H. and Zhou, X. and Peng, S.},
  title      = {StreetCrafter: Street View Synthesis with Controllable Video Diffusion Models},
  booktitle  = {Proceedings of the IEEE/CVF Conference on Computer Vision and Pattern Recognition (CVPR)},
  year       = {2025}
}

@article{shi2025drivex,
  author     = {Shi, C. and Li, Y. and Zhang, H. and Li, Y. and Gao, J.},
  title      = {DriveX: Omni Scene Modeling for Learning Generalizable World Knowledge in Autonomous Driving},
  journal    = {arXiv preprint arXiv:2505.19239},
  year       = {2025}
}

% Additional references for the revised thesis
@inproceedings{blocknerf2022,
  author     = {Tancik, M. and Casser, V. and Yan, X. and Pradhan, S. and Mildenhall, B. and Srinivasan, P. P. and Barron, J. T. and Kretzschmar, H.},
  title      = {Block-NeRF: Scalable Large Scene Neural View Synthesis},
  booktitle  = {Proceedings of the IEEE/CVF Conference on Computer Vision and Pattern Recognition (CVPR)},
  pages      = {8248--8258},
  year       = {2022}
}

@inproceedings{meganeRF2022,
  author     = {Turki, H. and Ramanan, D. and Satyanarayanan, M.},
  title      = {Mega-NeRF: Scalable Construction of Large-Scale NeRFs for Virtual Fly-Throughs},
  booktitle  = {Proceedings of the IEEE/CVF Conference on Computer Vision and Pattern Recognition (CVPR)},
  pages      = {17091--17101},
  year       = {2022}
}

@inproceedings{dnerf2021,
  author     = {Pumarola, A. and Corona, E. and Pons-Moll, G. and Moreno-Noguer, F.},
  title      = {D-NeRF: Neural Radiance Fields for Dynamic Scenes},
  booktitle  = {Proceedings of the IEEE/CVF Conference on Computer Vision and Pattern Recognition (CVPR)},
  pages      = {10318--10327},
  year       = {2021}
}

@inproceedings{nerfies2021,
  author     = {Park, K. and Sinha, U. and Barron, J. T. and Bouaziz, S. and Goldman, D. B. and Seitz, S. M. and Martin-Brualla, R.},
  title      = {Nerfies: Deformable Neural Radiance Fields},
  booktitle  = {Proceedings of the IEEE/CVF International Conference on Computer Vision (ICCV)},
  pages      = {5865--5874},
  year       = {2021}
}

@inproceedings{kplanes2023,
  author     = {Fridovich-Keil, S. and Meanti, G. and Yu, A. and Tancik, M. and Chen, Q. and Kanazawa, A.},
  title      = {K-Planes: Explicit Radiance Fields in Space, Time, and Appearance},
  booktitle  = {Proceedings of the IEEE/CVF Conference on Computer Vision and Pattern Recognition (CVPR)},
  pages      = {16641--16651},
  year       = {2023}
}

@inproceedings{emernerf2023,
  author     = {Yang, J. and Ivanovic, B. and Litany, O. and Weng, X. and Kim, S. W. and Li, B. and Che, T. and Xu, D. and Fidler, S. and Pavone, M. and Wang, Y.},
  title      = {EmerNeRF: Emergent Spatial-Temporal Scene Decomposition via Self-Supervision},
  booktitle  = {Proceedings of the IEEE/CVF International Conference on Computer Vision (ICCV)},
  pages      = {18510--18522},
  year       = {2023}
}

@inproceedings{streetgaussians2024,
  author     = {Chen, Y. and Wu, C. and Wang, Z. and Liu, Z.},
  title      = {Street Gaussians: Modeling Dynamic Urban Scenes with Gaussian Splatting},
  booktitle  = {European Conference on Computer Vision (ECCV)},
  year       = {2024}
}

@inproceedings{dreamfusion2022,
  author     = {Poole, B. and Jain, A. and Barron, J. T. and Mildenhall, B.},
  title      = {DreamFusion: Text-to-3D using 2D Diffusion},
  booktitle  = {arXiv preprint arXiv:2209.14988},
  year       = {2022}
}

@inproceedings{prolificdreamer2023,
  author     = {Wang, Z. and Lu, C. and Wang, Y. and Bao, F. and Li, C. and Su, H. and Zhu, J.},
  title      = {ProlificDreamer: High-Fidelity and Diverse Text-to-3D Generation with Variational Score Distillation},
  booktitle  = {Advances in Neural Information Processing Systems (NeurIPS)},
  year       = {2023}
}

@inproceedings{luciddreamer2023,
  author     = {Tang, J. and Ren, J. and Zhou, H. and Liu, Z. and Zeng, G.},
  title      = {LucidDreamer: High-Fidelity and Detailed Text-to-3D Generation with Interval Score Matching},
  booktitle  = {International Conference on Learning Representations (ICLR)},
  year       = {2024}
}

@inproceedings{dreamgaussian2023,
  author     = {Tang, J. and Ren, J. and Zhou, H. and Liu, Z. and Zeng, G.},
  title      = {DreamGaussian: Generative Gaussian Splatting for Efficient 3D Content Creation},
  booktitle  = {International Conference on Learning Representations (ICLR)},
  year       = {2024}
}

@inproceedings{gaudi2022,
  author     = {Alfarra, M. and Bibi, A. and Halimi, I. and Ghanem, B.},
  title      = {GAUDI: A Neural Architect for Immersive 3D Scene Generation},
  booktitle  = {Advances in Neural Information Processing Systems (NeurIPS)},
  year       = {2022}
}

@inproceedings{drivedreamer4d2024,
  author     = {Zhao, G. and Ni, C. and Wang, X. and Zhu, Z. and Zhang, X. and Wang, Y. and Huang, G. and Chen, X. and Wang, B. and Zhang, Y. and Mei, W. and Wang, X.},
  title      = {DriveDreamer4D: World Models Are Effective Data Machines for 4D Driving Scene Representation},
  booktitle  = {Proceedings of the IEEE/CVF Conference on Computer Vision and Pattern Recognition (CVPR)},
  year       = {2024}
}

@inproceedings{recondreamer2024,
  author     = {Ni, C. and Zhao, G. and Wang, X. and Zhu, Z. and Qin, W. and Huang, G. and Liu, C. and Chen, Y. and Wang, Y. and Zhang, X. and Zhan, Y. and Zhan, K. and Jia, P. and Lang, X. and Wang, X. and Mei, W.},
  title      = {ReconDreamer: Crafting World Models for Driving Scene Reconstruction via Online Restoration},
  booktitle  = {Proceedings of the IEEE/CVF Conference on Computer Vision and Pattern Recognition (CVPR)},
  year       = {2024}
}

@article{ddpm2015,
  author     = {Sohl-Dickstein, J. and Weiss, E. and Maheswaranathan, N. and Ganguli, S.},
  title      = {Deep Unsupervised Learning using Nonequilibrium Thermodynamics},
  journal    = {International Conference on Machine Learning (ICML)},
  pages      = {2256--2265},
  year       = {2015}
}

% Autonomous Driving Foundation
@article{chen2024autonomous,
  author     = {Chen, L. and Wu, P. and Chitta, K. and Jaeger, B. and Geiger, A. and Li, H.},
  title      = {End-to-end Autonomous Driving: Challenges and Frontiers},
  journal    = {IEEE Transactions on Pattern Analysis and Machine Intelligence (TPAMI)},
  year       = {2024}
}

@inproceedings{hu2023planning,
  author     = {Hu, Y. and Yang, J. and Chen, L. and Li, K. and Sima, C. and Zhu, X. and Chai, S. and Du, S. and Lin, T. and Wang, W. and others},
  title      = {Planning-oriented Autonomous Driving},
  booktitle  = {Proceedings of the IEEE/CVF Conference on Computer Vision and Pattern Recognition (CVPR)},
  year       = {2023}
}

@article{ma2024vision,
  author     = {Ma, Y. and Wang, T. and Bai, X. and Yang, H. and Hou, Y. and Wang, Y. and Qiao, Y. and Yang, R. and Zhu, X.},
  title      = {Vision-centric BEV Perception: A Survey},
  journal    = {IEEE Transactions on Pattern Analysis and Machine Intelligence (TPAMI)},
  year       = {2024}
}

@article{kong2025multimodal,
  author     = {Kong, L. and Xu, X. and Ren, J. and Zhang, W. and Pan, L. and Chen, K. and Ooi, W. T. and Liu, Z.},
  title      = {Multi-modal Data-efficient 3D Scene Understanding for Autonomous Driving},
  journal    = {IEEE Transactions on Pattern Analysis and Machine Intelligence (TPAMI)},
  year       = {2025}
}

% Video Driving Generation
@inproceedings{gao2024magicdrive,
  author     = {Gao, R. and Chen, K. and Xie, E. and Hong, L. and Li, Z. and Yeung, D.-Y. and Xu, Q.},
  title      = {MagicDrive: Street View Generation with Diverse 3D Geometry Control},
  booktitle  = {International Conference on Learning Representations (ICLR)},
  year       = {2024}
}

@inproceedings{wen2024panacea,
  author     = {Wen, Y. and Zhao, Y. and Liu, Y. and Jia, F. and Wang, Y. and Luo, C. and Zhang, C. and Wang, T. and Sun, X. and Zhang, X.},
  title      = {Panacea: Panoramic and Controllable Video Generation for Autonomous Driving},
  booktitle  = {Proceedings of the IEEE/CVF Conference on Computer Vision and Pattern Recognition (CVPR)},
  year       = {2024}
}

@inproceedings{wang2024drivedreamer,
  author     = {Wang, X. and Zhu, Z. and Huang, G. and Chen, X. and Lu, J.},
  title      = {DriveDreamer: Towards Real-world-driven World Models for Autonomous Driving},
  booktitle  = {European Conference on Computer Vision (ECCV)},
  year       = {2024}
}

@inproceedings{mao2025dreamdrive,
  author     = {Mao, J. and Li, B. and Ivanovic, B. and Chen, Y. and Wang, Y. and You, Y. and Xiao, C. and Xu, D. and Pavone, M. and Wang, Y.},
  title      = {DreamDrive: Generative 4D Scene Modeling from Street View Images},
  booktitle  = {International Conference on Robotics and Automation (ICRA)},
  year       = {2025}
}

@inproceedings{gao2025magicdrivedit,
  author     = {Gao, R. and Chen, K. and Xiao, B. and Hong, L. and Li, Z. and Xu, Q.},
  title      = {MagicDrivedit: High-resolution Long Video Generation for Autonomous Driving with Adaptive Control},
  booktitle  = {Proceedings of the IEEE/CVF International Conference on Computer Vision (ICCV)},
  year       = {2025}
}

% NeRF for Autonomous Driving
@inproceedings{wu2023mars,
  author     = {Wu, Z. and Liu, T. and Luo, L. and Zhong, Z. and Chen, J. and Xiao, H. and Hou, C. and Lou, H. and Chen, Y. and Yang, R. and Huang, Y. and Ye, X. and Yan, Z. and Shi, Y. and Liao, Y. and Zhao, H.},
  title      = {MARS: An Instance-aware, Modular and Realistic Simulator for Autonomous Driving},
  booktitle  = {Conference on Cognitive Intelligence and Artificial Intelligence (CICAI)},
  year       = {2023}
}

@article{yang2023emernerf,
  author     = {Yang, J. and Ivanovic, B. and Litany, O. and Weng, X. and Kim, S. W. and Li, B. and Che, T. and Xu, D. and Fidler, S. and Pavone, M. and Wang, Y.},
  title      = {EmerNeRF: Emergent Spatial-temporal Scene Decomposition via Self-supervision},
  journal    = {arXiv preprint arXiv:2311.02077},
  year       = {2023}
}

% 3DGS for Autonomous Driving
@inproceedings{zhou2024drivinggaussian,
  author     = {Zhou, X. and Lin, Z. and Shan, X. and Wang, Y. and Sun, D. and Yang, M.-H.},
  title      = {DrivingGaussian: Composite Gaussian Splatting for Surrounding Dynamic Autonomous Driving Scenes},
  booktitle  = {Proceedings of the IEEE/CVF Conference on Computer Vision and Pattern Recognition (CVPR)},
  pages      = {21634--21643},
  year       = {2024}
}

@inproceedings{yan2024streetgaussians,
  author     = {Yan, Y. and Lin, H. and Zhou, C. and Wang, W. and Sun, H. and Zhan, K. and Lang, X. and Zhou, X. and Peng, S.},
  title      = {Street Gaussians: Modeling Dynamic Urban Scenes with Gaussian Splatting},
  booktitle  = {European Conference on Computer Vision (ECCV)},
  pages      = {156--173},
  year       = {2024}
}

@article{chen2024omnire,
  author     = {Chen, Z. and Yang, J. and Huang, J. and de Lutio, R. and Esturo, J. M. and Ivanovic, B. and Litany, O. and Gojcic, Z. and Fidler, S. and Pavone, M. and others},
  title      = {OmniRe: Omni Urban Scene Reconstruction},
  journal    = {arXiv preprint arXiv:2408.16760},
  year       = {2024}
}

@inproceedings{huo2025egsral,
  author     = {Huo, Y. and Jiang, G. and Wei, H. and Liu, J. and Zhang, S. and Liu, H. and Huang, X. and Lu, M. and Peng, J. and Li, D. and others},
  title      = {EGSRAL: An Enhanced 3D Gaussian Splatting based Renderer with Automated Labeling for Large-scale Driving Scene},
  booktitle  = {Proceedings of the AAAI Conference on Artificial Intelligence},
  pages      = {3860--3867},
  year       = {2025}
}

% 4D Driving Generation
@article{gao2024magicdrive3d,
  author     = {Gao, R. and Chen, K. and Li, Z. and Hong, L. and Li, Z. and Xu, Q.},
  title      = {MagicDrive3D: Controllable 3D Generation for Any-view Rendering in Street Scenes},
  journal    = {arXiv preprint arXiv:2405.14475},
  year       = {2024}
}

@article{wang2024stag1,
  author     = {Wang, L. and Zheng, W. and Du, D. and Zhang, Y. and Ren, Y. and Jiang, H. and Cui, Z. and Yu, H. and Zhou, J. and Lu, J. and others},
  title      = {STAG-1: Towards Realistic 4D Driving Simulation with Video Generation Model},
  journal    = {arXiv preprint arXiv:2412.05280},
  year       = {2024}
}

@article{lu2024infinicube,
  author     = {Lu, Y. and Ren, X. and Yang, J. and Shen, T. and Wu, Z. and Gao, J. and Wang, Y. and Chen, S. and Chen, M. and Fidler, S. and others},
  title      = {InfiniCube: Unbounded and Controllable Dynamic 3D Driving Scene Generation with World-guided Video Models},
  journal    = {arXiv preprint arXiv:2412.03934},
  year       = {2024}
}

@article{guo2025dist4d,
  author     = {Guo, J. and Ding, Y. and Chen, X. and Chen, S. and Li, B. and Zou, Y. and Lyu, X. and Tan, F. and Qi, X. and Li, Z. and others},
  title      = {DiST-4D: Disentangled Spatiotemporal Diffusion with Metric Depth for 4D Driving Scene Generation},
  journal    = {arXiv preprint arXiv:2503.15208},
  year       = {2025}
}

@article{ren2025gen3c,
  author     = {Ren, X. and Shen, T. and Huang, J. and Ling, H. and Lu, Y. and Nimier-David, M. and Müller, T. and Keller, A. and Fidler, S. and Gao, J.},
  title      = {Gen3C: 3D-informed World-consistent Video Generation with Precise Camera Control},
  journal    = {arXiv preprint arXiv:2503.03751},
  year       = {2025}
}

% Diffusion Models Foundation
@inproceedings{song2020score,
  author     = {Song, Y. and Sohl-Dickstein, J. and Kingma, D. P. and Kumar, A. and Ermon, S. and Poole, B.},
  title      = {Score-based Generative Modeling through Stochastic Differential Equations},
  booktitle  = {International Conference on Learning Representations (ICLR)},
  year       = {2021}
}

% More Driving Generation Methods
@inproceedings{li2024hierarchical,
  author     = {Li, B. and Deng, J. and Zhang, W. and Liang, Z. and Du, D. and Jin, X. and Zeng, W.},
  title      = {Hierarchical Temporal Context Learning for Camera-based Semantic Scene Completion},
  booktitle  = {European Conference on Computer Vision (ECCV)},
  pages      = {131--148},
  year       = {2024}
}

@article{gao2025vista,
  author     = {Gao, S. and Yang, J. and Chen, L. and Chitta, K. and Qiu, Y. and Geiger, A. and Zhang, J. and Li, H.},
  title      = {VISTA: A Generalizable Driving World Model with High Fidelity and Versatile Controllability},
  journal    = {Advances in Neural Information Processing Systems (NeurIPS)},
  volume     = {37},
  pages      = {91560--91596},
  year       = {2025}
}

@article{li2023bridging,
  author     = {Li, B. and Sun, Y. and Liang, Z. and Du, D. and Zhang, Z. and Wang, X. and Wang, Y. and Jin, X. and Zeng, W.},
  title      = {Bridging Stereo Geometry and BEV Representation with Reliable Mutual Interaction for Semantic Scene Completion},
  journal    = {arXiv preprint arXiv:2303.13959},
  year       = {2023}
}

@inproceedings{wang2024driving,
  author     = {Wang, Y. and He, J. and Fan, L. and Li, H. and Chen, Y. and Zhang, Z.},
  title      = {Driving into the Future: Multiview Visual Forecasting and Planning with World Model for Autonomous Driving},
  booktitle  = {Proceedings of the IEEE/CVF Conference on Computer Vision and Pattern Recognition (CVPR)},
  pages      = {14749--14759},
  year       = {2024}
}

@inproceedings{li2025uniscene,
  author     = {Li, B. and Guo, J. and Liu, H. and Zou, Y. and Ding, Y. and Chen, X. and Zhu, H. and Tan, F. and Zhang, C. and Wang, T. and others},
  title      = {UniScene: Unified Occupancy-centric Driving Scene Generation},
  booktitle  = {Proceedings of the IEEE/CVF Conference on Computer Vision and Pattern Recognition (CVPR)},
  pages      = {11971--11981},
  year       = {2025}
}

% Generalizable Gaussian Models
@article{zhao2024drivedreamer4d,
  author     = {Zhao, G. and Ni, C. and Wang, X. and Zhu, Z. and Zhang, X. and Wang, Y. and Huang, G. and Chen, X. and Wang, B. and Zhang, Y. and others},
  title      = {DriveDreamer4D: World Models are Effective Data Machines for 4D Driving Scene Representation},
  journal    = {arXiv preprint arXiv:2410.13571},
  year       = {2024}
}

@inproceedings{ni2025recondreamer,
  author     = {Ni, C. and Zhao, G. and Wang, X. and Zhu, Z. and Qin, W. and Huang, G. and Liu, C. and Chen, Y. and Wang, Y. and Zhang, X. and others},
  title      = {ReconDreamer: Crafting World Models for Driving Scene Reconstruction via Online Restoration},
  booktitle  = {Proceedings of the IEEE/CVF Conference on Computer Vision and Pattern Recognition (CVPR)},
  pages      = {1559--1569},
  year       = {2025}
}

@article{zhao2025recondreamerpp,
  author     = {Zhao, G. and Wang, X. and Ni, C. and Zhu, Z. and Qin, W. and Huang, G. and Wang, X.},
  title      = {ReconDreamer++: Harmonizing Generative and Reconstructive Models for Driving Scene Representation},
  journal    = {arXiv preprint arXiv:2503.18438},
  year       = {2025}
}

@article{fan2024freesim,
  author     = {Fan, L. and Zhang, H. and Wang, Q. and Li, H. and Zhang, Z.},
  title      = {FreeSim: Toward Free-viewpoint Camera Simulation in Driving Scenes},
  journal    = {arXiv preprint arXiv:2412.03566},
  year       = {2024}
}

% Diffusion Forcing
@article{chen2024diffusion,
  author     = {Chen, B. and Martí Monso, D. and Du, Y. and Simchowitz, M. and Tedrake, R. and Sitzmann, V.},
  title      = {Diffusion Forcing: Next-token Prediction Meets Full-sequence Diffusion},
  journal    = {Advances in Neural Information Processing Systems (NeurIPS)},
  volume     = {37},
  pages      = {24081--24125},
  year       = {2024}
}

@article{yin2024causvid,
  author     = {Yin, T. and Zhang, Q. and Zhang, R. and Freeman, W. T. and Durand, F. and Shechtman, E. and Huang, X.},
  title      = {From Slow Bidirectional to Fast Causal Video Generators},
  journal    = {arXiv preprint arXiv:2412.07772},
  year       = {2024}
}

@article{song2025history,
  author     = {Song, K. and Chen, B. and Simchowitz, M. and Du, Y. and Tedrake, R. and Sitzmann, V.},
  title      = {History-guided Video Diffusion},
  journal    = {arXiv preprint arXiv:2502.06764},
  year       = {2025}
}

% Feed-forward 4D Reconstruction
@article{tian2024drivingforward,
  author     = {Tian, Q. and Tan, X. and Xie, Y. and Ma, L.},
  title      = {DrivingForward: Feed-forward 3D Gaussian Splatting for Driving Scene Reconstruction from Flexible Surround-view Input},
  journal    = {arXiv preprint arXiv:2409.12753},
  year       = {2024}
}

@article{lu2024drivingrecon,
  author     = {Lu, H. and Xu, T. and Zheng, W. and Zhang, Y. and Zhan, W. and Du, D. and Tomizuka, M. and Keutzer, K. and Chen, Y.},
  title      = {DrivingRecon: Large 4D Gaussian Reconstruction Model for Autonomous Driving},
  journal    = {arXiv preprint arXiv:2412.09043},
  year       = {2024}
}

@article{yang2024storm,
  author     = {Yang, J. and Huang, J. and Chen, Y. and Wang, Y. and Li, B. and You, Y. and Sharma, A. and Igl, M. and Karkus, P. and Xu, D. and others},
  title      = {STORM: Spatio-temporal Reconstruction Model for Large-scale Outdoor Scenes},
  journal    = {arXiv preprint arXiv:2501.00602},
  year       = {2024}
}

@article{huang2025self,
  author     = {Huang, X. and Li, Z. and He, G. and Zhou, M. and Shechtman, E.},
  title      = {Self Forcing: Bridging the Train-Test Gap in Autoregressive Video Diffusion},
  journal    = {arXiv preprint arXiv:2506.08009},
  year       = {2025}
}

@inproceedings{zhao2025drivedreamer4d_cvpr,
  author     = {Zhao, G. and Ni, C. and Wang, X. and Zhu, Z. and Zhang, X. and Wang, Y. and Huang, G. and Chen, X. and Wang, B. and Zhang, Y. and others},
  title      = {DriveDreamer4D: World Models are Effective Data Machines for 4D Driving Scene Representation},
  booktitle  = {Proceedings of the IEEE/CVF Conference on Computer Vision and Pattern Recognition (CVPR)},
  pages      = {12015--12026},
  year       = {2025}
}

@inproceedings{wei2025omniscene,
  author     = {Wei, D. and Li, Z. and Liu, P.},
  title      = {Omni-Scene: Omni-Gaussian Representation for Ego-centric Sparse-view Scene Reconstruction},
  booktitle  = {Proceedings of the IEEE/CVF Conference on Computer Vision and Pattern Recognition (CVPR)},
  pages      = {22317--22327},
  year       = {2025}
}

% Video VAE
@article{kong2024hunyuanvideo,
  author     = {Kong, W. and Tian, Q. and Zhang, Z. and Min, R. and Dai, Z. and Zhou, J. and Xiong, J. and Li, X. and Wu, B. and Zhang, J. and others},
  title      = {HunyuanVideo: A Systematic Framework for Large Video Generative Models},
  journal    = {arXiv preprint arXiv:2412.03603},
  year       = {2024}
}

% Range View
@inproceedings{kong2023rethinking,
  author     = {Kong, L. and Liu, Y. and Chen, R. and Ma, Y. and Zhu, X. and Li, Y. and Hou, Y. and Qiao, Y. and Liu, Z.},
  title      = {Rethinking Range View Representation for LiDAR Segmentation},
  booktitle  = {Proceedings of the IEEE/CVF International Conference on Computer Vision (ICCV)},
  pages      = {228--240},
  year       = {2023}
}

% Additional Methods
@article{chen2025geodrive,
  author     = {Chen, A. and Zheng, W. and Wang, Y. and Zhang, X. and Zhan, K. and Jia, P. and Keutzer, K. and Zhang, S.},
  title      = {GeoDrive: 3D Geometry-informed Driving World Model with Precise Action Control},
  journal    = {arXiv preprint arXiv:2505.22421},
  year       = {2025}
}

@inproceedings{zhang2025monst3r,
  author     = {Zhang, J. and Herrmann, C. and Hur, J. and Jampani, V. and Darrell, T. and Cole, F. and Sun, D. and Yang, M.-H.},
  title      = {MonST3R: A Simple Approach for Estimating Geometry in the Presence of Motion},
  booktitle  = {International Conference on Learning Representations (ICLR)},
  year       = {2025}
}

@inproceedings{park2023time,
  author     = {Park, J. and Xu, C. and Yang, S. and Keutzer, K. and Kitani, K. and Tomizuka, M. and Zhan, W.},
  title      = {Time Will Tell: New Outlooks and A Baseline for Temporal Multi-view 3D Object Detection},
  booktitle  = {International Conference on Learning Representations (ICLR)},
  year       = {2023}
}

% 3DGS Methods
@inproceedings{kerbl20233dgs,
  author     = {Kerbl, B. and Kopanas, G. and Leimkühler, T. and Drettakis, G.},
  title      = {3D Gaussian Splatting for Real-time Radiance Field Rendering},
  booktitle  = {ACM Transactions on Graphics},
  volume     = {42},
  number     = {4},
  pages      = {1--14},
  year       = {2023}
}

@article{chen2023pvg_arxiv,
  author     = {Chen, Y. and Gu, C. and Jiang, J. and Zhu, X. and Zhang, L.},
  title      = {Periodic Vibration Gaussian: Dynamic Urban Scene Reconstruction and Real-time Rendering},
  journal    = {arXiv preprint arXiv:2311.18561},
  year       = {2023}
}

@article{yang2023deformable,
  author     = {Yang, Z. and Gao, X. and Zhou, W. and Jiao, S. and Zhang, Y. and Jin, X.},
  title      = {Deformable 3D Gaussians for High-Fidelity Monocular Dynamic Scene Reconstruction},
  journal    = {arXiv preprint arXiv:2309.13101},
  year       = {2023}
}

@inproceedings{tang2024lgm,
  author     = {Tang, J. and Chen, Z. and Chen, X. and Wang, T. and Zeng, G. and Liu, Z.},
  title      = {LGM: Large Multi-view Gaussian Model for High-resolution 3D Content Creation},
  booktitle  = {European Conference on Computer Vision (ECCV)},
  pages      = {1--18},
  year       = {2024}
}

@article{zhang2024gslrm,
  author     = {Zhang, K. and Bi, S. and Tan, H. and Xiangli, Y. and Zhao, N. and Sunkavalli, K. and Xu, Z.},
  title      = {GS-LRM: Large Reconstruction Model for 3D Gaussian Splatting},
  journal    = {arXiv preprint arXiv:2404.19702},
  year       = {2024}
}

@inproceedings{charatan2024pixelsplat,
  author     = {Charatan, D. and Li, S. L. and Tagliasacchi, A. and Sitzmann, V.},
  title      = {PixelSplat: 3D Gaussian Splats from Image Pairs for Scalable Generalizable 3D Reconstruction},
  booktitle  = {Proceedings of the IEEE/CVF Conference on Computer Vision and Pattern Recognition (CVPR)},
  year       = {2024}
}

@inproceedings{chen2024mvsplat,
  author     = {Chen, Y. and Xu, H. and Zheng, C. and Zhuang, B. and Pollefeys, M. and Geiger, A. and Cham, T.-J. and Cai, J.},
  title      = {MVSplat: Efficient 3D Gaussian Splatting from Sparse Multi-view Images},
  booktitle  = {European Conference on Computer Vision (ECCV)},
  year       = {2024}
}

@inproceedings{ren2024scube,
  author     = {Ren, X. and Lu, Y. and Wu, J. Z. and Ling, H. and Chen, M. and Fidler, S. and Williams, F. and Huang, J. and others},
  title      = {SCube: Instant Large-scale Scene Reconstruction using VoxSplats},
  booktitle  = {Advances in Neural Information Processing Systems (NeurIPS)},
  year       = {2024}
}

% Datasets
@inproceedings{sun2020waymo,
  author     = {Sun, P. and Kretzschmar, H. and Dotiwalla, X. and Chouard, A. and Patnaik, V. and Tsui, P. and Guo, J. and Zhou, Y. and Chai, Y. and Caine, B. and others},
  title      = {Scalability in Perception for Autonomous Driving: Waymo Open Dataset},
  booktitle  = {Proceedings of the IEEE/CVF Conference on Computer Vision and Pattern Recognition (CVPR)},
  pages      = {2446--2454},
  year       = {2020}
}

@inproceedings{caesar2020nuscenes,
  author     = {Caesar, H. and Bankiti, V. and Lang, A. H. and Vora, S. and Liong, V. E. and Xu, Q. and Krishnan, A. and Pan, Y. and Baldan, G. and Beijbom, O.},
  title      = {nuScenes: A Multimodal Dataset for Autonomous Driving},
  booktitle  = {Proceedings of the IEEE/CVF Conference on Computer Vision and Pattern Recognition (CVPR)},
  year       = {2020}
}

@article{wang2022asap,
  author     = {Wang, X. and Zhu, Z. and Zhang, Y. and Huang, G. and Ye, Y. and Xu, W. and Chen, Z. and Wang, X.},
  title      = {Are We Ready for Vision-centric Driving Streaming Perception? The ASAP Benchmark},
  journal    = {arXiv preprint arXiv:2212.08914},
  year       = {2022}
}

% Segmentation and Depth
@article{xie2021segformer,
  author     = {Xie, E. and Wang, W. and Yu, Z. and Anandkumar, A. and Alvarez, J. M. and Luo, P.},
  title      = {SegFormer: Simple and Efficient Design for Semantic Segmentation with Transformers},
  journal    = {Advances in Neural Information Processing Systems (NeurIPS)},
  volume     = {34},
  pages      = {12077--12090},
  year       = {2021}
}

@article{liu2024depthlab,
  author     = {Liu, Z. and Cheng, K. L. and Wang, Q. and Wang, S. and Ouyang, H. and Tan, B. and Zhu, K. and Shen, Y. and Chen, Q. and Luo, P.},
  title      = {DepthLab: From Partial to Complete},
  journal    = {arXiv preprint arXiv:2412.18153},
  year       = {2024}
}

@inproceedings{wei2023surrounddepth,
  author     = {Wei, Y. and Zhao, L. and Zheng, W. and Zhu, Z. and Rao, Y. and Huang, G. and Lu, J. and Zhou, J.},
  title      = {SurroundDepth: Entangling Surrounding Views for Self-supervised Multi-camera Depth Estimation},
  booktitle  = {Conference on Robot Learning (CoRL)},
  pages      = {539--549},
  year       = {2023}
}

@article{wang2024freevs,
  author     = {Wang, Q. and Fan, L. and Wang, Y. and Chen, Y. and Zhang, Z.},
  title      = {FreeVS: Generative View Synthesis on Free Driving Trajectory},
  journal    = {arXiv preprint arXiv:2410.18079},
  year       = {2024}
}

% Novel View Synthesis
@inproceedings{yu2021pixelnerf,
  author     = {Yu, A. and Ye, V. and Tancik, M. and Kanazawa, A.},
  title      = {pixelNeRF: Neural Radiance Fields from One or Few Images},
  booktitle  = {Proceedings of the IEEE/CVF Conference on Computer Vision and Pattern Recognition (CVPR)},
  pages      = {4578--4587},
  year       = {2021}
}

@article{wang2023dust3r,
  author     = {Wang, S. and Leroy, V. and Cabon, Y. and Chidlovskii, B. and Revaud, J.},
  title      = {DUSt3R: Geometric 3D Vision Made Easy},
  journal    = {arXiv preprint arXiv:2312.14132},
  year       = {2023}
}

@article{liu2024mvsgaussian,
  author     = {Liu, T. and Wang, G. and Hu, S. and Shen, L. and Ye, X. and Zang, Y. and Cao, Z. and Li, W. and Liu, Z.},
  title      = {MVSGaussian: Fast Generalizable Gaussian Splatting Reconstruction from Multi-view Stereo},
  journal    = {arXiv preprint arXiv:2405.12218},
  volume     = {2},
  year       = {2024}
}

@article{yang2024drivearena,
  author     = {Yang, X. and Wen, L. and Ma, Y. and Mei, J. and Li, X. and Wei, T. and Lei, W. and Fu, D. and Cai, P. and Dou, M. and others},
  title      = {DriveArena: A Closed-loop Generative Simulation Platform for Autonomous Driving},
  journal    = {arXiv preprint arXiv:2408.00415},
  year       = {2024}
}

% Domain Generalization
@inproceedings{wang2023domain,
  author     = {Wang, S. and Zhao, X. and Xu, H.-M. and Chen, Z. and Yu, D. and Chang, J. and Yang, Z. and Zhao, F.},
  title      = {Towards Domain Generalization for Multi-view 3D Object Detection in Bird-Eye-View},
  booktitle  = {Proceedings of the IEEE/CVF Conference on Computer Vision and Pattern Recognition (CVPR)},
  pages      = {13333--13342},
  year       = {2023}
}

@article{lu2024generalizable,
  author     = {Lu, H. and Zhang, Y. and Wang, G. and Lian, Q. and Du, D. and Chen, Y.-C.},
  title      = {Towards Generalizable Multi-camera 3D Object Detection via Perspective Debiasing},
  journal    = {arXiv preprint arXiv:2310.11346},
  year       = {2024}
}
